[gd_scene load_steps=17 format=2]

[ext_resource path="res://Sources/World.cs" type="Script" id=1]
[ext_resource path="res://Scenes/MainMenu.tscn" type="PackedScene" id=2]
[ext_resource path="res://Scenes/Levels/L1.tscn" type="PackedScene" id=3]
[ext_resource path="res://Scenes/Gameover.tscn" type="PackedScene" id=4]
[ext_resource path="res://Assets/Sounds/pause.ogg" type="AudioStream" id=5]
[ext_resource path="res://Assets/Sounds/ld48.ogg" type="AudioStream" id=6]
[ext_resource path="res://Environment/background_prefabs/ParallaxBackground.tscn" type="PackedScene" id=7]
[ext_resource path="res://Resources/UI/GameUI.tscn" type="PackedScene" id=8]
[ext_resource path="res://Assets/Textures/Light/Light_3.png" type="Texture" id=9]
[ext_resource path="res://Assets/Textures/FXs/vignette.png" type="Texture" id=10]
[ext_resource path="res://Scenes/Victory.tscn" type="PackedScene" id=11]

[sub_resource type="Gradient" id=1]
offsets = PoolRealArray( 0, 0.29682, 0.636042, 1 )
colors = PoolColorArray( 1, 0.707031, 0.947357, 0, 1, 1, 1, 0.572549, 0.956863, 0.92549, 0.94902, 0.737255, 0.421875, 0.0346069, 0.351463, 0 )

[sub_resource type="GradientTexture" id=2]
gradient = SubResource( 1 )

[sub_resource type="Curve" id=3]
_data = [ Vector2( 0, 0.334091 ), 0.0, 2.54607, 0, 0, Vector2( 1, 0 ), -2.22273, 0.0, 0, 0 ]

[sub_resource type="CurveTexture" id=4]
curve = SubResource( 3 )

[sub_resource type="ParticlesMaterial" id=5]
emission_shape = 2
emission_box_extents = Vector3( 960, 540, 1 )
flag_disable_z = true
gravity = Vector3( 0, 0, 0 )
initial_velocity = 43.47
initial_velocity_random = 1.0
orbit_velocity = 0.01
orbit_velocity_random = 1.0
angle = 158.0
angle_random = 1.0
scale = 0.02
scale_random = 0.02
scale_curve = SubResource( 4 )
color_ramp = SubResource( 2 )

[node name="World" type="Node2D"]
script = ExtResource( 1 )
MainMenuNode = NodePath("CanvasLayer/Menu")
GameoverNode = NodePath("CanvasLayer/Gameover")
VictoryNode = NodePath("CanvasLayer/Victory")
LevelOneScene = ExtResource( 3 )
GameUIScene = NodePath("CanvasLayer/GameUI")
PostProcessNode = NodePath("Vignette")

[node name="Music" type="AudioStreamPlayer" parent="."]
stream = ExtResource( 6 )
autoplay = true
bus = "Music"

[node name="PauseSound" type="AudioStreamPlayer" parent="."]
stream = ExtResource( 5 )

[node name="ParallaxBackground" parent="." instance=ExtResource( 7 )]

[node name="CanvasLayer" type="CanvasLayer" parent="."]
pause_mode = 2

[node name="GameUI" parent="CanvasLayer" instance=ExtResource( 8 )]

[node name="Menu" parent="CanvasLayer" instance=ExtResource( 2 )]

[node name="Gameover" parent="CanvasLayer" instance=ExtResource( 4 )]
visible = false

[node name="Victory" parent="CanvasLayer" instance=ExtResource( 11 )]

[node name="Vignette" type="Sprite" parent="."]
scale = Vector2( 1.01, 1 )
texture = ExtResource( 10 )
centered = false

[node name="Particles2D" type="Particles2D" parent="Vignette"]
position = Vector2( 997.958, 531.687 )
amount = 15
lifetime = 5.0
process_material = SubResource( 5 )
texture = ExtResource( 9 )
