[gd_resource type="SpriteFrames" load_steps=8 format=2]

[ext_resource path="res://Assets/SpiteSheets/Faces.png" type="Texture" id=1]

[sub_resource type="AtlasTexture" id=5]
flags = 4
atlas = ExtResource( 1 )
region = Rect2( 1024, 0, 512, 512 )

[sub_resource type="AtlasTexture" id=6]
flags = 4
atlas = ExtResource( 1 )
region = Rect2( 2048, 0, 512, 512 )

[sub_resource type="AtlasTexture" id=9]
flags = 4
atlas = ExtResource( 1 )
region = Rect2( 0, 0, 512, 512 )

[sub_resource type="AtlasTexture" id=10]
flags = 4
atlas = ExtResource( 1 )
region = Rect2( 512, 0, 512, 512 )

[sub_resource type="AtlasTexture" id=7]
flags = 4
atlas = ExtResource( 1 )
region = Rect2( 2048, 0, 512, 512 )

[sub_resource type="AtlasTexture" id=8]
flags = 4
atlas = ExtResource( 1 )
region = Rect2( 1536, 0, 512, 512 )

[resource]
animations = [ {
"frames": [ SubResource( 5 ) ],
"loop": true,
"name": "Charging",
"speed": 5.0
}, {
"frames": [ SubResource( 6 ) ],
"loop": true,
"name": "Death",
"speed": 5.0
}, {
"frames": [ SubResource( 9 ), SubResource( 10 ) ],
"loop": true,
"name": "Idle",
"speed": 5.0
}, {
"frames": [ SubResource( 7 ) ],
"loop": true,
"name": "Hit",
"speed": 5.0
}, {
"frames": [ SubResource( 8 ) ],
"loop": true,
"name": "Dashing",
"speed": 5.0
} ]
