[gd_scene load_steps=16 format=2]

[ext_resource path="res://Assets/Sounds/ennemydies.ogg" type="AudioStream" id=1]
[ext_resource path="res://Assets/SpiteSheets/Enemie01_Face.tres" type="SpriteFrames" id=2]
[ext_resource path="res://Mobs/WhiteCell/WhiteCellMob.cs" type="Script" id=3]
[ext_resource path="res://Mobs/WhiteCell/WhiteCellSpriteFrames.tres" type="SpriteFrames" id=4]
[ext_resource path="res://Mobs/WhiteCell/ExplodingWhiteCell.tscn" type="PackedScene" id=5]
[ext_resource path="res://Attacks/Charger.tscn" type="PackedScene" id=6]
[ext_resource path="res://Mobs/WhiteCell/WhiteCellDampeningCurve.tres" type="Curve" id=7]
[ext_resource path="res://Assets/Textures/FXs/Coins.tscn" type="PackedScene" id=8]

[sub_resource type="Animation" id=1]
resource_name = "Charge"
tracks/0/type = "value"
tracks/0/path = NodePath("AnimatedSprite:position")
tracks/0/interp = 1
tracks/0/loop_wrap = true
tracks/0/imported = false
tracks/0/enabled = true
tracks/0/keys = {
"times": PoolRealArray( 0, 0.2, 0.4, 0.6, 1 ),
"transitions": PoolRealArray( 1, 1, 1, 1, 1 ),
"update": 0,
"values": [ Vector2( 0, 0 ), Vector2( -10, 10 ), Vector2( 0, 0 ), Vector2( 10, 10 ), Vector2( 0, 0 ) ]
}
tracks/1/type = "value"
tracks/1/path = NodePath("AnimatedSprite:scale")
tracks/1/interp = 1
tracks/1/loop_wrap = true
tracks/1/imported = false
tracks/1/enabled = true
tracks/1/keys = {
"times": PoolRealArray( 0, 0.8, 1 ),
"transitions": PoolRealArray( 1, 1, 1 ),
"update": 0,
"values": [ Vector2( 1, 1 ), Vector2( 0.8, 1.2 ), Vector2( 1, 1 ) ]
}
tracks/2/type = "method"
tracks/2/path = NodePath(".")
tracks/2/interp = 1
tracks/2/loop_wrap = true
tracks/2/imported = false
tracks/2/enabled = true
tracks/2/keys = {
"times": PoolRealArray( 0.9 ),
"transitions": PoolRealArray( 1 ),
"values": [ {
"args": [  ],
"method": "LaunchChargeAttack"
} ]
}

[sub_resource type="Animation" id=2]
length = 0.7
tracks/0/type = "value"
tracks/0/path = NodePath("AnimatedSprite:scale")
tracks/0/interp = 2
tracks/0/loop_wrap = true
tracks/0/imported = false
tracks/0/enabled = true
tracks/0/keys = {
"times": PoolRealArray( 0, 0.5, 0.7 ),
"transitions": PoolRealArray( 1, 1, 1 ),
"update": 0,
"values": [ Vector2( 1, 1 ), Vector2( 1.5, 1.5 ), Vector2( 0.1, 0.1 ) ]
}
tracks/1/type = "value"
tracks/1/path = NodePath("AnimatedSprite:self_modulate")
tracks/1/interp = 1
tracks/1/loop_wrap = true
tracks/1/imported = false
tracks/1/enabled = true
tracks/1/keys = {
"times": PoolRealArray( 0.5, 0.7 ),
"transitions": PoolRealArray( 1, 1 ),
"update": 0,
"values": [ Color( 1, 1, 1, 1 ), Color( 1, 1, 1, 0 ) ]
}
tracks/2/type = "method"
tracks/2/path = NodePath(".")
tracks/2/interp = 1
tracks/2/loop_wrap = true
tracks/2/imported = false
tracks/2/enabled = true
tracks/2/keys = {
"times": PoolRealArray( 0.6 ),
"transitions": PoolRealArray( 1 ),
"values": [ {
"args": [  ],
"method": "SpawnExplosion"
} ]
}

[sub_resource type="Animation" id=3]
tracks/0/type = "value"
tracks/0/path = NodePath("AnimatedSprite:scale")
tracks/0/interp = 2
tracks/0/loop_wrap = true
tracks/0/imported = false
tracks/0/enabled = true
tracks/0/keys = {
"times": PoolRealArray( 0, 0.8, 1 ),
"transitions": PoolRealArray( 1, 1, 1 ),
"update": 0,
"values": [ Vector2( 1, 1 ), Vector2( 0.5, 1.5 ), Vector2( 1, 1 ) ]
}
tracks/1/type = "method"
tracks/1/path = NodePath(".")
tracks/1/interp = 1
tracks/1/loop_wrap = true
tracks/1/imported = false
tracks/1/enabled = true
tracks/1/keys = {
"times": PoolRealArray( 1 ),
"transitions": PoolRealArray( 1 ),
"values": [ {
"args": [  ],
"method": "ShootProjectiles"
} ]
}

[sub_resource type="CircleShape2D" id=4]
radius = 211.994

[sub_resource type="CircleShape2D" id=5]
radius = 219.356

[sub_resource type="CapsuleShape2D" id=6]
radius = 172.448
height = 82.2316

[sub_resource type="CircleShape2D" id=7]
radius = 3279.31

[node name="WhiteCell" type="KinematicBody2D"]
scale = Vector2( 0.25, 0.25 )
collision_layer = 2
collision_mask = 4
script = ExtResource( 3 )
SensingAreaPath = NodePath("SensingArea")
DieSoundPath = NodePath("DieSound")
ExplosionScene = ExtResource( 5 )
MaxSpeed = 200.0
ProjectileCastersRootPath = NodePath("ProjectileOffset")
FacePath = NodePath("AnimatedSprite2")

[node name="AnimationPlayer" type="AnimationPlayer" parent="."]
anims/Charge = SubResource( 1 )
anims/Death = SubResource( 2 )
anims/Shoot = SubResource( 3 )

[node name="AnimatedSprite" type="AnimatedSprite" parent="."]
frames = ExtResource( 4 )
animation = "idle"
frame = 3
playing = true
__meta__ = {
"_edit_lock_": true
}

[node name="CollisionShape2D" type="CollisionShape2D" parent="."]
visible = false
position = Vector2( 1.05948, -34.9623 )
shape = SubResource( 4 )

[node name="HitArea" type="Area2D" parent="."]
visible = false
collision_layer = 2
collision_mask = 13
__meta__ = {
"_edit_lock_": true
}

[node name="CollisionShape2D" type="CollisionShape2D" parent="HitArea"]
position = Vector2( 0, -23 )
shape = SubResource( 5 )

[node name="ChargeHitArea" type="Area2D" parent="."]
collision_layer = 32
collision_mask = 32
__meta__ = {
"_edit_lock_": true
}

[node name="CollisionShape2D" type="CollisionShape2D" parent="ChargeHitArea"]
position = Vector2( 1.05948, -31.7839 )
shape = SubResource( 6 )
__meta__ = {
"_edit_lock_": true
}

[node name="Charger" parent="." instance=ExtResource( 6 )]
ChargingNodePath = NodePath("..")
ChargeHitAreaPath = NodePath("../ChargeHitArea")
InitialMomentum = 1000.0
MomentumDampeningCurve = ExtResource( 7 )
DampeningDuration = 0.3
MaxDampening = 2000.0
CooldownDuration = 2.2

[node name="ProjectileOffset" type="Node2D" parent="."]
__meta__ = {
"_edit_lock_": true
}

[node name="SensingArea" type="Area2D" parent="."]
collision_layer = 16
__meta__ = {
"_edit_lock_": true
}

[node name="CollisionShape2D" type="CollisionShape2D" parent="SensingArea"]
shape = SubResource( 7 )
__meta__ = {
"_edit_lock_": true
}

[node name="DieSound" type="AudioStreamPlayer2D" parent="."]
stream = ExtResource( 1 )
bus = "FXs"

[node name="AnimatedSprite2" type="AnimatedSprite" parent="."]
position = Vector2( -8, -40 )
scale = Vector2( 0.5, 0.5 )
frames = ExtResource( 2 )
animation = "Idle"
frame = 1
playing = true

[node name="Coins_Particles" parent="." instance=ExtResource( 8 )]
scale = Vector2( 2, 2 )

[node name="DeathTimer" type="Timer" parent="."]
wait_time = 1.5
one_shot = true
